@article{smith:1999,
  title =        {Mechanizing the development of software},
  author =       {Smith, D. R.},
  journal =      {NATO ASI Series F Computer and Systems Sciences},
  year =         1999,
  publisher =    {SPRINGER VERLAG}
}

@inproceedings{szymczak:2016,
  title =        {Position paper: A knowledge-based approach to
                  scientific software development},
  author =       {Szymczak, D. and Smith, S. and Carette, J.},
  booktitle =    {Proceedings of the 2016 IEEE/ACM International
                  Workshop on Software Engineering for Science
                  (SE4Science)},
  year =         2016,
  organization = {IEEE}
}

@inproceedings{carette:2012,
  title =        {Theory presentation combinators},
  author =       {Carette, J. and Oâ€™Connor, R.},
  booktitle =    {International Conference on Intelligent Computer
                  Mathematics},
  year =         2012,
  organization = {Springer}
}
